Journal strings
---------------

@string{GB=   {Geogr. Bull.}}
@string{JG=   {J. Glaciol.}}
@string{JH=   {J. Hydrol.}}
@string{P=    {Polarforschung}}
@string{QJRMS={Q. J. Royal Meteor. Soc.}}
@string{TC=   {The Cryosphere}}
@string{ZGG=  {Z. Gletscherk. Glazialgeol.}}

References
----------

@article{arnold-mackay-1964,
  author={Arnold, K. C. and MacKay, D. K.},
  title={Different methods of calculating mean daily temperatures, their effects on degree-day totals in the high Arctic and their significance to glaciology},
  journal=GB,volume=21,pages={123--129},year=1964}

@article{braithwaite-1984,
  author={Braithwaite, R. J.},
  title={Calculation of degree-days for glacier-climate research},
  journal=ZGG,volume=20,pages={1-8},year=1984}

@article{reeh-1991,
  author={Reeh, N.},
  title={Parameterization of melt rate and surface temperature on the Greenland ice sheet},
  journal=P,volume=59,number=3,pages={113-128},year=1991}

@article{hock-2003,
  author={Hock, R.},
  title={Temperature index melt modelling in mountain areas},
  journal=JH,volume=282,number={1-4},pages={104-115},year=2003}

@article{calov-greve-2005,
  author={Calov, R. and Greve, R.},
  title={A semi-analytical solution for the positive degree-day model with stochastic temperature variations},
  journal=JG,volume=51,number=172,pages={173-175},year=2005}

@article{fausto-etal-2009,
  author={Fausto, R. S. and Ahlstrøm, A. P. and Van As, D. and Bøggild, C. E. and Johnsen, S. J.},
  title={A new present-day temperature parameterization for Greenland},
  journal=JG,volume=55,number=189,pages={95--105},year=2009,
  doi={10.3189/002214309788608985}}

@article{fausto-etal-2011,
  author={Fausto, R. S. and Ahlstrøm, A. P. and van As, D. and Steffen, K.},
  title={Present-day temperature standard deviation parameterization for Greenland},
  journal=JG,volume=57,number=206,pages={1181-1183},year=2011}

@article{charbit-etal-2013,
  author={Charbit, S. and Dumas, C. and Kageyama, M. and Roche, D. M. and Ritz, C.},
  title={Influence of ablation-related processes in the build-up of simulated Northern Hemisphere ice sheets during the last glacial cycle},
  journal=TC,volume=7,pages={681-698},year=2013}

@article{seguinot-2013,
  author={Seguinot, J.},
  title={Spatial and seasonal effects of temperature variability in a positive degree day surface melt model},
  journal=JG,volume=59,number=218,year=2013,pages={1202-1204},
  doi={10.3189/2013JoG13J081}}

@article{rogozhina-rau-2014,
  author={Rogozhina, I. and Rau, D.},
  title={Vital role of daily temperature variability in surface mass balance parameterizations of the Greenland Ice Sheet},
  journal=TC,volume=8, pages={1-10},year=2014}

﻿@article{uppala-etal-2005,
  author={Uppala, S. M. and Kållberg, P. W. and Simmons, A. J. and Andrae, U. and Bechtold, V. Da Costa and Fiorino, M. and Gibson, J. K. and Haseler, J. and Hernandez, A. and Kelly, G. A. and Li, X. and Onogi, K. and Saarinen, S. and Sokka, N. and Allan, R. P. and Andersson, E. and Arpe, K. and Balmaseda, M. A. and Beljaars, A. C. M. and Berg, L. Van De and Bidlot, J. and Bormann, N. and Caires, S. and Chevallier, F. and Dethof, A. and Dragosavac, M. and Fisher, M. and Fuentes, M. and Hagemann, S. and Hólm, E. and Hoskins, B. J. and Isaksen, L. and Janssen, P. A. E. M. and Jenne, R. and Mcnally, A. P. and Mahfouf, J.-F. and Morcrette, J.-J. and Rayner, N. A. and Saunders, R. W. and Simon, P. and Sterl, A. and Trenberth, K. E. and Untch, A. and Vasiljevic, D. and Viterbo, P. and Woollen, J.},
  title={The ERA-40 re-analysis},
  journal=QJRMS,volume=131,number=612,pages={2961--3012},year=2005,
  doi={10.1256/qj.04.176}}
